@incollection{smola2003kernels,
  title={Kernels and regularization on graphs},
  author={Smola, Alexander J and Kondor, Risi},
  booktitle={Learning theory and kernel machines},
  pages={144--158},
  year={2003},
  publisher={Springer}
}

@article{picart2017diffustats,
  title={{diffuStats: an R package to compute diffusion-based scores on biological networks}},
  author={{Picart-Armada, Sergio and Thompson, Wesley K and Buil, Alfonso and Perera-Lluna, Alexandre}},
  journal={Bioinformatics},
  volume={34},
  number={3},
  pages={533--534},
  year={2017},
  publisher={Oxford University Press}
}
