@article{kegg2017,
  title={KEGG: new perspectives on genomes, pathways, diseases and drugs},
  author={Kanehisa, Minoru and Furumichi, Miho and Tanabe, Mao and Sato, Yoko and Morishima, Kanae},
  journal={Nucleic acids research},
  volume={45},
  number={D1},
  pages={D353--D361},
  year={2017},
  publisher={Oxford University Press}
}

@article{biogrid2017,
  title={The BioGRID interaction database: 2017 update},
  author={Chatr-aryamontri, Andrew and Oughtred, Rose and Boucher, Lorrie and Rust, Jennifer and Chang, Christie and Kolas, Nadine K and O'Donnell, Lara and Oster, Sara and Theesfeld, Chandra and Sellam, Adnane and others},
  journal={Nucleic acids research},
  volume={45},
  number={D1},
  pages={D369--D379},
  year={2017},
  publisher={Oxford University Press}
}

@Manual{keggdb2011,
  title = {KEGG.db: A set of annotation maps for KEGG},
  author = {Marc Carlson},
  year = {2016},
  note = {R package version 3.2.3},
}

@article{pathways_confidence_dsd,
  title={New directions for diffusion-based network prediction of protein function: incorporating pathways with confidence},
  author={Cao, Mengfei and Pietras, Christopher M and Feng, Xian and Doroschak, Kathryn J and Schaffner, Thomas and Park, Jisoo and Zhang, Hao and Cowen, Lenore J and Hescott, Benjamin J},
  journal={Bioinformatics},
  volume={30},
  number={12},
  pages={i219--i227},
  year={2014},
  publisher={Oxford University Press}
}

@article{fdr,
  title={Controlling the false discovery rate: a practical and powerful approach to multiple testing},
  author={Benjamini, Yoav and Hochberg, Yosef},
  journal={Journal of the royal statistical society. Series B (Methodological)},
  pages={289--300},
  year={1995},
  publisher={JSTOR}
}
