@Manual{dlbcl_package,
title = {DLBCL: Diffuse large B-cell lymphoma expression data},
author = {Marcus Dittrich and Daniela Beisser},
year = {2010},
note = {R package version 1.16.0},
url = {http://bionet.bioapps.biozentrum.uni-wuerzburg.de/},
}

@article{hprd,
  title={Human protein reference databaseâ€”2006 update},
  author={Mishra, Gopa R and Suresh, M and Kumaran, K and Kannabiran, N and Suresh, Shubha and Bala, P and Shivakumar, K and Anuradha, N and Reddy, Raghunath and Raghavan, T Madhan and others},
  journal={Nucleic acids research},
  volume={34},
  number={suppl\_1},
  pages={D411--D414},
  year={2006},
  publisher={Oxford University Press}
}

@article{bionet,
  title={Identifying functional modules in protein--protein interaction networks: an integrated exact approach},
  author={Dittrich, Marcus T and Klau, Gunnar W and Rosenwald, Andreas and Dandekar, Thomas and M{\"u}ller, Tobias},
  journal={Bioinformatics},
  volume={24},
  number={13},
  pages={i223--i231},
  year={2008},
  publisher={Oxford University Press}
}

@article{kegg2017,
  title={KEGG: new perspectives on genomes, pathways, diseases and drugs},
  author={Kanehisa, Minoru and Furumichi, Miho and Tanabe, Mao and Sato, Yoko and Morishima, Kanae},
  journal={Nucleic acids research},
  volume={45},
  number={D1},
  pages={D353--D361},
  year={2017},
  publisher={Oxford University Press}
}

@article{fdr,
  title={Controlling the false discovery rate: a practical and powerful approach to multiple testing},
  author={Benjamini, Yoav and Hochberg, Yosef},
  journal={Journal of the royal statistical society. Series B (Methodological)},
  pages={289--300},
  year={1995},
  publisher={JSTOR}
}

@article{all_array,
  title={Gene expression profile of adult T-cell acute lymphocytic leukemia identifies distinct subsets of patients with different response to therapy and survival},
  author={Chiaretti, Sabina and Li, Xiaochun and Gentleman, Robert and Vitale, Antonella and Vignetti, Marco and Mandelli, Franco and Ritz, Jerome and Foa, Robin},
  journal={Blood},
  volume={103},
  number={7},
  pages={2771--2778},
  year={2004},
  publisher={Am Soc Hematology}
}

@Manual{all_package,
  title = {ALL: A data package},
  author = {Xiaochun Li},
  year = {2009},
  note = {R package version 1.20.0},
}

@article{lym_array,
  title={The use of molecular profiling to predict survival after chemotherapy for diffuse large-B-cell lymphoma},
  author={Rosenwald, Andreas and Wright, George and Chan, Wing C and Connors, Joseph M and Campo, Elias and Fisher, Richard I and Gascoyne, Randy D and Muller-Hermelink, H Konrad and Smeland, Erlend B and Giltnane, Jena M and others},
  journal={New England Journal of Medicine},
  volume={346},
  number={25},
  pages={1937--1947},
  year={2002},
  publisher={Mass Medical Soc}
}

@Manual{dlbcl_package,
title = {DLBCL: Diffuse large B-cell lymphoma expression data},
author = {Marcus Dittrich and Daniela Beisser},
year = {2010},
note = {R package version 1.16.0},
url = {http://bionet.bioapps.biozentrum.uni-wuerzburg.de/},
}