@article{von2002yeast,
  title={Comparative assessment of large-scale data sets of protein--protein interactions},
  author={Von Mering, Christian and Krause, Roland and Snel, Berend and Cornell, Michael and Oliver, Stephen G and Fields, Stanley and Bork, Peer},
  journal={Nature},
  volume={417},
  number={6887},
  pages={399},
  year={2002},
  publisher={Nature Publishing Group}
}

@Manual{igraphdata,
  title = {igraphdata: A Collection of Network Data Sets for the 'igraph' Package},
  author = {Gabor Csardi},
  year = {2015},
  note = {R package version 1.0.1},
  url = {https://CRAN.R-project.org/package=igraphdata},
}
  
